@inbook{amrj,
	author		= {Alfred V. Aho, Monica S. Lam, Ravi Sethi and Jeffrey D. Ullman},
	year			= 2008,
	title			= {Compiladores},
	subtitle		= {Principios, técnicas y herramientas},
	edition 		= 2,
	publisher	= {Pearson (Addison Wesley)},
}

@inbook{kcl,
	author		= {Kenneth C. Louden},
	year			= 2004,
	title			= {Construcción de compiladores},
	subtitle		= {Principios y práctica},
	publisher	= {Thomson},
}

@inbook{jrl,
	author		= {John R. Levine},
	year			= 2009,
	title			= {flex \& bison},
	subtitle		= {Unix Text Processing Tools},
	publisher	= { O’Reilly},
}

@inbook{sgma,
	author		= {Sergio Gálvez Rojas y Miguel Ángel Mora Mata},
	year			= 2005,
	title			= {Java a tope},
	subtitle		= {Traductores y compiladores con Lex/Yacc,  JFlex/Cup y JavaCC},
	edition		= 2,
	publisher	= {Universidad de Málaga},
}

@manual{vwj,
	author		= {Vern Paxson, Will Estes and John Millaway},
	year			= 2012,
	title			= {Lexical Analysis with Flex},
	version		= 2.5.39,
}

@manual{cdrs,
	author		= {Charles Donnelly and Richard Stallma},
	year			= 2013,
	title			= {Bison},
	subtitle		= {The Yacc-compatible Parser Generator},
	version		= 3.0.2,
}

@inbook{ltd,
 author = {John R. Levine, Tony Mason and Doug Brown},
 title = {Lex \& Yacc},
 year = {1992},
 edition = {2},
 publisher = {O'Reilly},
} 
